<records xmlns="http://www.openarchives.org/OAI/2.0/">
<record>
  <header>
    <identifier>oai:mst.rochester.edu:marcnormalization/45</identifier>
    <datestamp />
    <predecessors>
      <predecessor>oai:mst.rochester.edu:45</predecessor>
    </predecessors>
    <setSpec>MARCXML Bibliographic Records</setSpec>
    <status>active</status>
  </header>
  <metadata>
    <marc:record xmlns:marc="http://www.loc.gov/MARC21/slim" xmlns:xsi="http://www.w3.org/2001/XMLSchema-instance" xsi:schemaLocation="http://www.loc.gov/MARC21/slim http://www.loc.gov/standards/marcxml/schema/MARC21slim.xsd">
      <marc:leader>01227cjm a2200313Ia 45e0</marc:leader>
      <marc:controlfield tag="001">1583187</marc:controlfield>
      <marc:controlfield tag="005">20010525195621.0</marc:controlfield>
      <marc:controlfield tag="007">sdubumenn----e</marc:controlfield>
      <marc:controlfield tag="008">810617p19641929nyusgn   fghi       eng d</marc:controlfield>
      <marc:datafield tag="035" ind1=" " ind2=" ">
        <marc:subfield code="a">(OCoLC)7507498</marc:subfield>
      </marc:datafield>
      <marc:datafield tag="035" ind1=" " ind2=" ">
        <marc:subfield code="a">1583187</marc:subfield>
      </marc:datafield>
      <marc:datafield tag="040" ind1=" " ind2=" ">
        <marc:subfield code="a">HAM</marc:subfield>
        <marc:subfield code="c">HAM</marc:subfield>
        <marc:subfield code="d">OCL</marc:subfield>
        <marc:subfield code="d">RES</marc:subfield>
      </marc:datafield>
      <marc:datafield tag="028" ind1="0" ind2="2">
        <marc:subfield code="a">RF-8</marc:subfield>
        <marc:subfield code="b">RBF Records</marc:subfield>
      </marc:datafield>
      <marc:datafield tag="043" ind1=" " ind2=" ">
        <marc:subfield code="a">n-us---</marc:subfield>
      </marc:datafield>
      <marc:datafield tag="045" ind1=" " ind2=" ">
        <marc:subfield code="a">x2x4</marc:subfield>
      </marc:datafield>
      <marc:datafield tag="048" ind1=" " ind2=" ">
        <marc:subfield code="a">by01</marc:subfield>
      </marc:datafield>
      <marc:datafield tag="099" ind1=" " ind2=" ">
        <marc:subfield code="a">LP 17,131</marc:subfield>
      </marc:datafield>
      <marc:datafield tag="049" ind1=" " ind2=" ">
        <marc:subfield code="a">RESM</marc:subfield>
      </marc:datafield>
      <marc:datafield tag="245" ind1="0" ind2="0">
        <marc:subfield code="a">Sleepy John Estes, 1929-1940</marc:subfield>
        <marc:subfield code="h">[sound recording]</marc:subfield>
      </marc:datafield>
      <marc:datafield tag="260" ind1=" " ind2=" ">
        <marc:subfield code="a">New York :</marc:subfield>
        <marc:subfield code="b">RBF,</marc:subfield>
        <marc:subfield code="c">c1964.</marc:subfield>
      </marc:datafield>
      <marc:datafield tag="300" ind1=" " ind2=" ">
        <marc:subfield code="a">1 sound disc :</marc:subfield>
        <marc:subfield code="b">33 1/3 rpm ;</marc:subfield>
        <marc:subfield code="c">12 in.</marc:subfield>
      </marc:datafield>
      <marc:datafield tag="511" ind1="0" ind2=" ">
        <marc:subfield code="a">Rerecordings principally of blues sung by John Estes with guitar.</marc:subfield>
      </marc:datafield>
      <marc:datafield tag="500" ind1=" " ind2=" ">
        <marc:subfield code="a">Program notes by John Estes and Samuel Charters and texts of the songs ([6] p.) inserted in container.</marc:subfield>
      </marc:datafield>
      <marc:datafield tag="505" ind1="0" ind2=" ">
        <marc:subfield code="a">Divin' duck blues -- The girl I love, she got long curley hair --Street car blues -- Milk cow blues -- Jack and Jill blues -- New someday baby -- Floating bridge -- Brownsville Blues -- Need more blues -- Jailhouse blues -- Everybody ought to make a change -- Working man blues.</marc:subfield>
      </marc:datafield>
      <marc:datafield tag="650" ind1=" " ind2="0">
        <marc:subfield code="a">Popular music</marc:subfield>
        <marc:subfield code="z">United States.</marc:subfield>
      </marc:datafield>
      <marc:datafield tag="650" ind1=" " ind2="0">
        <marc:subfield code="a">African Americans</marc:subfield>
        <marc:subfield code="v">Music.</marc:subfield>
      </marc:datafield>
      <marc:datafield tag="700" ind1="1" ind2=" ">
        <marc:subfield code="a">Charters, Samuel Barclay.</marc:subfield>
      </marc:datafield>
      <marc:datafield tag="700" ind1="1" ind2=" ">
        <marc:subfield code="a">Estes, John.</marc:subfield>
      </marc:datafield>
      <marc:datafield tag="931" ind1=" " ind2=" ">
        <marc:subfield code="a">Sound</marc:subfield>
        <marc:subfield code="5">NRU</marc:subfield>
      </marc:datafield>
      <marc:datafield tag="932" ind1=" " ind2=" ">
        <marc:subfield code="a">Musical sound recording</marc:subfield>
        <marc:subfield code="5">NRU</marc:subfield>
      </marc:datafield>
      <marc:datafield tag="933" ind1=" " ind2=" ">
        <marc:subfield code="a">Sound recording</marc:subfield>
        <marc:subfield code="5">NRU</marc:subfield>
      </marc:datafield>
      <marc:datafield tag="935" ind1=" " ind2=" ">
        <marc:subfield code="a">Monograph/Item</marc:subfield>
        <marc:subfield code="5">NRU</marc:subfield>
      </marc:datafield>
      <marc:datafield tag="934" ind1=" " ind2=" ">
        <marc:subfield code="a">Sound disk</marc:subfield>
        <marc:subfield code="5">NRU</marc:subfield>
      </marc:datafield>
      <marc:datafield tag="941" ind1=" " ind2=" ">
        <marc:subfield code="a">eng</marc:subfield>
        <marc:subfield code="5">NRU</marc:subfield>
      </marc:datafield>
      <marc:datafield tag="943" ind1=" " ind2=" ">
        <marc:subfield code="a">English</marc:subfield>
        <marc:subfield code="5">NRU</marc:subfield>
      </marc:datafield>
      <marc:controlfield tag="003">NRU</marc:controlfield>
      <marc:datafield tag="035" ind1=" " ind2=" ">
        <marc:subfield code="a">(NRU)1583187</marc:subfield>
      </marc:datafield>
      <marc:datafield tag="130" ind1="0" ind2=" ">
        <marc:subfield code="a">Sleepy John Estes, 1929-1940</marc:subfield>
      </marc:datafield>
      <marc:datafield tag="965" ind1=" " ind2="0">
        <marc:subfield code="a">Popular music</marc:subfield>
        <marc:subfield code="5">NRU</marc:subfield>
      </marc:datafield>
      <marc:datafield tag="965" ind1=" " ind2="0">
        <marc:subfield code="a">African Americans</marc:subfield>
        <marc:subfield code="5">NRU</marc:subfield>
      </marc:datafield>
      <marc:datafield tag="967" ind1=" " ind2="0">
        <marc:subfield code="z">United States.</marc:subfield>
        <marc:subfield code="5">NRU</marc:subfield>
      </marc:datafield>
      <marc:datafield tag="969" ind1=" " ind2="0">
        <marc:subfield code="v">Music.</marc:subfield>
        <marc:subfield code="5">NRU</marc:subfield>
      </marc:datafield>
    </marc:record>
  </metadata>
</record>
</records>
